<?xml version="1.0" encoding="UTF-8"?><record xmlns="http://www.loc.gov/MARC21/slim" xmlns:cinclude="http://apache.org/cocoon/include/1.0" xmlns:zs="http://www.loc.gov/zing/srw/">
  <leader>00574cz  a2200157n  4500</leader>
  <controlfield tag="001">n 2008008740</controlfield>
  <controlfield tag="003">DLC</controlfield>
  <controlfield tag="005">20130326101959.0</controlfield>
  <controlfield tag="008">080205n| acannaabn          |a aaa      </controlfield>
  <datafield tag="010" ind1=" " ind2=" ">
    <subfield code="a">n 2008008740</subfield>
  </datafield>
  <datafield tag="040" ind1=" " ind2=" ">
    <subfield code="a">DLC</subfield>
    <subfield code="b">eng</subfield>
    <subfield code="c">DLC</subfield>
    <subfield code="d">DLC</subfield>
  </datafield>
  <datafield tag="100" ind1="0" ind2=" ">
    <subfield code="a">Saʻdī.</subfield>
    <subfield code="t">Gulistān.</subfield>
    <subfield code="k">Selections.</subfield>
    <subfield code="l">English &amp; Persian</subfield>
  </datafield>
  <datafield tag="400" ind1="0" ind2=" ">
    <subfield code="w">nnea</subfield>
    <subfield code="a">Saʻdī.</subfield>
    <subfield code="t">Gulistān.</subfield>
    <subfield code="l">English &amp; Persian.</subfield>
    <subfield code="k">Selections</subfield>
  </datafield>
  <datafield tag="400" ind1="0" ind2=" ">
    <subfield code="a">Saʻdī.</subfield>
    <subfield code="t">Muraqqaʻ-i Gulistān</subfield>
  </datafield>
  <datafield tag="667" ind1=" " ind2=" ">
    <subfield code="a">THIS 1XX FIELD CANNOT BE USED UNDER RDA UNTIL THIS RECORD HAS BEEN REVIEWED AND/OR UPDATED</subfield>
  </datafield>
  <datafield tag="670" ind1=" " ind2=" ">
    <subfield code="a">Saʻdī. Muraqqaʻ-i Gulistān, 1997.</subfield>
  </datafield>
</record>